<?xml version="1.0" encoding="utf-8"?>
<record xmlns="http://www.loc.gov/MARC21/slim" xmlns:xsi="http://www.w3.org/2001/XMLSchema-instance" xsi:schemaLocation="http://www.loc.gov/MARC21/slim http://www.loc.gov/standards/marcxml/schema/MARC21slim.xsd">
	<leader>     nam a22     Mi 4500</leader>
	<controlfield tag="001">b12361768</controlfield>
	<controlfield tag="003">LeBAU</controlfield>
	<controlfield tag="006">m        d        </controlfield>
	<controlfield tag="007">cr cn |||m|||a</controlfield>
	<controlfield tag="008">190123s1946    ua      ob    ||1 0 ara d</controlfield>
	<datafield ind1=" " ind2=" " tag="040">
		<subfield code="a">ZYU</subfield>
		<subfield code="b">ara</subfield>
		<subfield code="e">rda</subfield>
		<subfield code="c">ZYU</subfield>
	</datafield>
	<datafield ind1="1" ind2=" " tag="041">
		<subfield code="a">ara</subfield>
		<subfield code="h">ger</subfield>
	</datafield>
	<datafield ind1=" " ind2="4" tag="050">
		<subfield code="a">BP166</subfield>
		<subfield code="b">.G6125 1946</subfield>
	</datafield>
	<datafield ind1="0" ind2="4" tag="082">
		<subfield code="a">297.3</subfield>
		<subfield code="2">22</subfield>
	</datafield>
	<datafield ind1="1" ind2=" " tag="100">
		<subfield code="6">880-01</subfield>
		<subfield code="a">Goldziher, Ignác,</subfield>
		<subfield code="d">1850-1921,</subfield>
		<subfield code="e">author.</subfield>
	</datafield>
	<datafield ind1="1" ind2="0" tag="240">
		<subfield code="a">Vorlesungen uber den Islam.</subfield>
		<subfield code="l">Arabic</subfield>
	</datafield>
	<datafield ind1="1" ind2="3" tag="245">
		<subfield code="6">880-02</subfield>
		<subfield code="a">al-ʻAqīdah wa-al-sharīʻah fī al-Islām :</subfield>
		<subfield code="b">tārīkh al-taṭawwur al-ʻaqadī wa-al-tashrīʻī fī al-diyānah al-Islāmīyah /</subfield>
		<subfield code="c">Ijnās Ghūldtsīhir, al-mustashriq al-kabīr ; naqalahu ilá al-lughah al-Arabīyah wa-ʻallaqa ʻalyhi Muḥammad Yūsuf Mūsá, al-mudarris bi-kullīyat uṣūl al-dīn bi-al-jāmiʻ al-Azhar, ʻAbd al-ʻAzīz ʻAbd al-Ḥaqq, al-mudarris bi-kullīyat al-sharīʻah bi-al-Jāmiʻ al-Azhar, ʻAlī Ḥasan ʻAbd al-Qādir, duktūr fī al-ʻulūm al-Islāmīyah, mudīr al-Markaz al-Thaqāfī al-Islāmī bi-Landan.</subfield>
	</datafield>
	<datafield ind1=" " ind2=" " tag="250">
		<subfield code="6">880-03</subfield>
		<subfield code="a">al-Ṭabʻah al-ūlá.</subfield>
	</datafield>
	<datafield ind1=" " ind2="1" tag="264">
		<subfield code="6">880-04</subfield>
		<subfield code="a">al-Qāhirah :</subfield>
		<subfield code="b">Dār al-Kātib al-Miṣrī,</subfield>
		<subfield code="c">1946.</subfield>
	</datafield>
	<datafield ind1=" " ind2=" " tag="300">
		<subfield code="6">880-05</subfield>
		<subfield code="a">online resource (388 pages)</subfield>
	</datafield>
	<datafield ind1=" " ind2=" " tag="336">
		<subfield code="a">text</subfield>
		<subfield code="2">rdacontent</subfield>
	</datafield>
	<datafield ind1=" " ind2=" " tag="337">
		<subfield code="a">computer</subfield>
		<subfield code="2">rdamedia</subfield>
	</datafield>
	<datafield ind1=" " ind2=" " tag="338">
		<subfield code="a">online resource</subfield>
		<subfield code="2">rdacarrier</subfield>
	</datafield>
	<datafield ind1=" " ind2=" " tag="500">
		<subfield code="a">Part of the Arabic Collections Online (ACO) project, contributed by American University of Beirut's Jafet Memorial Library.</subfield>
	</datafield>
	<datafield ind1=" " ind2=" " tag="533">
		<subfield code="a">Electronic reproduction.</subfield>
		<subfield code="b">New York, N.Y. :</subfield>
		<subfield code="c">New York University,</subfield>
		<subfield code="d">2019.</subfield>
		<subfield code="5">NNU</subfield>
	</datafield>
	<datafield ind1="0" ind2="0" tag="600">
		<subfield code="6">880-06</subfield>
		<subfield code="a">Muḥammad,</subfield>
		<subfield code="c">Prophet,</subfield>
		<subfield code="d">-632.</subfield>
	</datafield>
	<datafield ind1=" " ind2="0" tag="650">
		<subfield code="6">880-07</subfield>
		<subfield code="a">Islam</subfield>
		<subfield code="x">Doctrines.</subfield>
	</datafield>
	<datafield ind1=" " ind2="0" tag="650">
		<subfield code="6">880-08</subfield>
		<subfield code="a">Islamic law.</subfield>
	</datafield>
	<datafield ind1=" " ind2="0" tag="650">
		<subfield code="6">880-09</subfield>
		<subfield code="a">Islamic sects.</subfield>
	</datafield>
	<datafield ind1="1" ind2=" " tag="700">
		<subfield code="6">880-10</subfield>
		<subfield code="a">Mūsá, Muḥammad Yūsuf,</subfield>
		<subfield code="e">translator.</subfield>
	</datafield>
	<datafield ind1="1" ind2=" " tag="700">
		<subfield code="6">880-11</subfield>
		<subfield code="a">Mūsá, Muḥammad Yūsuf,</subfield>
		<subfield code="e">commentator for written text.</subfield>
	</datafield>
	<datafield ind1="1" ind2=" " tag="700">
		<subfield code="6">880-12</subfield>
		<subfield code="a">ʻAbd al-Ḥaqq, ʻAbd al-ʻAzīz,</subfield>
		<subfield code="e">translator.</subfield>
	</datafield>
	<datafield ind1="1" ind2=" " tag="700">
		<subfield code="6">880-13</subfield>
		<subfield code="a">ʻAbd al-Ḥaqq, ʻAbd al-ʻAzīz,</subfield>
		<subfield code="e">commentator for written text.</subfield>
	</datafield>
	<datafield ind1="1" ind2=" " tag="700">
		<subfield code="6">880-14</subfield>
		<subfield code="a">ʻAbd al-Qādir, ʻAlī Ḥasan,</subfield>
		<subfield code="e">translator.</subfield>
	</datafield>
	<datafield ind1="1" ind2=" " tag="700">
		<subfield code="6">880-15</subfield>
		<subfield code="a">ʻAbd al-Qādir, ʻAlī Ḥasan,</subfield>
		<subfield code="e">commentator for written text.</subfield>
	</datafield>
	<datafield ind1="2" ind2=" " tag="710">
		<subfield code="a">Jafet Memorial Library.</subfield>
	</datafield>
	<datafield ind1="0" ind2=" " tag="730">
		<subfield code="a">Arabic Collections Online.</subfield>
	</datafield>
	<datafield ind1="0" ind2=" " tag="765">
		<subfield code="6">880-16</subfield>
		<subfield code="i">is translation of</subfield>
		<subfield code="4">http://rdaregistry.info/Elements/e/P20141:</subfield>
		<subfield code="a">Goldziher, Ignac, 1850-1921.</subfield>
		<subfield code="t">Vorlesungen uber den Islam.</subfield>
		<subfield code="b">Zweite, umgearbeitete auflage.</subfield>
		<subfield code="d">Heidelberg : C. Winter, 1925</subfield>
		<subfield code="w">(OCoLC)04896143</subfield>
		<subfield code="w">(OCoLC)04896143</subfield>
	</datafield>
	<datafield ind1="0" ind2="8" tag="776">
		<subfield code="i">Print version:</subfield>
		<subfield code="a">Goldziher, Ignác, 1850-1921, author.</subfield>
		<subfield code="t">al-ʻAqīdah wa-al-sharīʻah fī al-Islām</subfield>
		<subfield code="w">(LeBAU)b12361768</subfield>
	</datafield>
	<datafield ind1="4" ind2="0" tag="856">
		<subfield code="u">http://hdl.handle.net/2333.1/qjq2c30s</subfield>
	</datafield>
	<datafield ind1="1" ind2=" " tag="880">
		<subfield code="6">100-01</subfield>
		<subfield code="a">غولدتسهير، اغناس،</subfield>
		<subfield code="d">1850-1921،</subfield>
		<subfield code="e">مؤلف.</subfield>
		<subfield code="4">aut.</subfield>
	</datafield>
	<datafield ind1="1" ind2="2" tag="880">
		<subfield code="6">245-02</subfield>
		<subfield code="a">العقيدة والشريعة في الإسلام :</subfield>
		<subfield code="b">تاريخ التطور العقدي والتشريعي في الديانة الإسلامية /</subfield>
		<subfield code="c">إجناس غولدتسيهر، المستشرق الكبير ؛ نقله إلى اللغة العربية وعلق عليه محمد يوسف موسى، المدرس بكلية أصول الدين بالجامع الأزهر، عبد العزيز عبد الحق، المدرس بكلية الشريعة بالجامع الأزهر، علي حسن عبد القادر، دكتور في العلوم الإسلامية، مدير المركز الثقافي الإسلامي بلندن.</subfield>
	</datafield>
	<datafield ind1=" " ind2=" " tag="880">
		<subfield code="6">250-03</subfield>
		<subfield code="a">الطبعة الأولى.</subfield>
	</datafield>
	<datafield ind1=" " ind2="1" tag="880">
		<subfield code="6">264-04</subfield>
		<subfield code="a">القاهرة :</subfield>
		<subfield code="b">دار الكاتب المصري،</subfield>
		<subfield code="c">1946.</subfield>
	</datafield>
	<datafield ind1=" " ind2=" " tag="880">
		<subfield code="6">300-05</subfield>
		<subfield code="a">388 صفحة ؛</subfield>
		<subfield code="c">22 سم</subfield>
	</datafield>
	<datafield ind1=" " ind2=" " tag="880">
		<subfield code="6">504-00</subfield>
		<subfield code="a">يتضمن مراجع ببليوغرافية وكشاف.</subfield>
	</datafield>
	<datafield ind1="0" ind2="4" tag="880">
		<subfield code="6">600-06</subfield>
		<subfield code="a">محمد</subfield>
		<subfield code="c">النبي،</subfield>
		<subfield code="d">-632.</subfield>
	</datafield>
	<datafield ind1=" " ind2="4" tag="880">
		<subfield code="6">650-07</subfield>
		<subfield code="a">الاسلام</subfield>
		<subfield code="x">عقائد.</subfield>
	</datafield>
	<datafield ind1=" " ind2="4" tag="880">
		<subfield code="6">650-08</subfield>
		<subfield code="a">الفقه الإسلامي.</subfield>
	</datafield>
	<datafield ind1=" " ind2="4" tag="880">
		<subfield code="6">650-09</subfield>
		<subfield code="a">الفرق الاسلامية.</subfield>
	</datafield>
	<datafield ind1="1" ind2=" " tag="880">
		<subfield code="6">700-10</subfield>
		<subfield code="a">موسى، محمد يوسف،</subfield>
		<subfield code="e">مترجم.</subfield>
		<subfield code="4">trl</subfield>
	</datafield>
	<datafield ind1="1" ind2=" " tag="880">
		<subfield code="6">700-11</subfield>
		<subfield code="a">موسى، محمد يوسف،</subfield>
		<subfield code="e">معلق على نص.</subfield>
		<subfield code="4">cwt.</subfield>
	</datafield>
	<datafield ind1="1" ind2=" " tag="880">
		<subfield code="6">700-12</subfield>
		<subfield code="a">عبد الحق، عبد العزيز،</subfield>
		<subfield code="e">مترجم.</subfield>
		<subfield code="4">trl.</subfield>
	</datafield>
	<datafield ind1="1" ind2=" " tag="880">
		<subfield code="6">700-13</subfield>
		<subfield code="a">عبد الحق، عبد العزيز،</subfield>
		<subfield code="e">معلق على نص.</subfield>
		<subfield code="4">cwt.</subfield>
	</datafield>
	<datafield ind1="1" ind2=" " tag="880">
		<subfield code="6">700-14</subfield>
		<subfield code="a">عبد القادر، علي حسن،</subfield>
		<subfield code="e">مترجم.</subfield>
		<subfield code="4">trl.</subfield>
	</datafield>
	<datafield ind1="1" ind2=" " tag="880">
		<subfield code="6">700-15</subfield>
		<subfield code="a">عبد القادر، علي حسن،</subfield>
		<subfield code="e">معلق على نص.</subfield>
		<subfield code="4">cwt.</subfield>
	</datafield>
	<datafield ind1="0" ind2=" " tag="880">
		<subfield code="6">765-16</subfield>
		<subfield code="i">ترجمة كتاب</subfield>
		<subfield code="4">http://rdaregistry.info/Elements/e/P20141:</subfield>
		<subfield code="a">Goldziher, Ignac, 1850-1921.</subfield>
		<subfield code="t">Vorlesungen uber den Islam.</subfield>
		<subfield code="b">Zweite, umgearbeitete auflage.</subfield>
		<subfield code="d">Heidelberg : C. Winter, 1925</subfield>
		<subfield code="w">b11952027</subfield>
		<subfield code="w">(OCoLC)04896143</subfield>
	</datafield>
	<datafield ind1=" " ind2=" " tag="959">
		<subfield code="a">NNU</subfield>
		<subfield code="b">WEB</subfield>
		<subfield code="c">GENI</subfield>
		<subfield code="t">0</subfield>
		<subfield code="m">Electronic access</subfield>
		<subfield code="s">01</subfield>
	</datafield>
	<datafield ind1=" " ind2=" " tag="999">
		<subfield code="i">LeBAU_b12361768</subfield>
		<subfield code="s">aub_aco002260</subfield>
		<subfield code="e">(ERROR-880)(ERROR-MISC)</subfield>
		<subfield code="s">aub_aco002260</subfield>
	</datafield>
</record>
